% Encoding: UTF-8

@Article{Schaefer2016,
  author       = {{Sch{\"a}fer}, C. and {Riecker}, S. and {Maindl}, T.~I. and {Speith}, R. and {Scherrer}, S. and {Kley}, W.},
  title        = {{A smooth particle hydrodynamics code to model collisions between solid, self-gravitating objects}},
  journaltitle = {\aap},
  date         = {2016-05},
  volume       = {590},
  pages        = {A19},
  doi          = {10.1051/0004-6361/201528060},
  eprint       = {1604.03290},
  eprintclass  = {astro-ph.EP},
  eprinttype   = {arXiv},
  adsnote      = {Provided by the SAO/NASA Astrophysics Data System},
  adsurl       = {https://ui.adsabs.harvard.edu/abs/2016A&A...590A..19S},
  file         = {:../papers/SPH.pdf:PDF},
  keywords     = {methods: numerical, planets and satellites: formation, Astrophysics - Earth and Planetary Astrophysics},
}

@Article{dvorakMoon,
  author       = {{Dvorak}, Rudolf and {Loibnegger}, Birgit and {Maindl}, Thomas I.},
  title        = {{On the probability of the collision of a Mars-sized planet with the Earth to form the Moon}},
  journaltitle = {arXiv e-prints},
  date         = {2015-06},
  eid          = {arXiv:1506.09043},
  pages        = {arXiv:1506.09043},
  eprint       = {1506.09043},
  eprintclass  = {astro-ph.EP},
  eprinttype   = {arXiv},
  adsnote      = {Provided by the SAO/NASA Astrophysics Data System},
  adsurl       = {https://ui.adsabs.harvard.edu/abs/2015arXiv150609043D},
  file         = {:../papers/2015arXiv150609043D - On the probability of the collision of a Mars-sized planet with the Earth to form the Moon.pdf:PDF},
  keywords     = {Astrophysics - Earth and Planetary Astrophysics},
}

@InProceedings{MaindlSummary,
  author    = {{Maindl}, T.~I. and {Sch{\"a}fer}, C.~M. and {Haghighipour}, N. and {Burger}, C. and {Dvorak}, R.},
  title     = {{Collisional water transport and water-loss relevant to formation of habitable planets}},
  booktitle = {Proceedings of the First Greek-Austrian Workshop on Extrasolar Planetary Systems},
  date      = {2017-03},
  pages     = {137-153},
  adsnote   = {Provided by the SAO/NASA Astrophysics Data System},
  adsurl    = {https://ui.adsabs.harvard.edu/abs/2017pfga.proc..137M},
  file      = {:../papers/ammouliani2016maindl.pdf:PDF},
  keywords  = {simulations: numerical, planet formation, water transport, collisions},
}

@Article{Burger2018,
  author       = {{Burger}, C. and {Maindl}, T.~I. and {Sch{\"a}fer}, C.~M.},
  title        = {{Transfer, loss and physical processing of water in hit-and-run collisions of planetary embryos}},
  journaltitle = {Celestial Mechanics and Dynamical Astronomy},
  date         = {2018-01},
  volume       = {130},
  number       = {1},
  eid          = {2},
  pages        = {2},
  doi          = {10.1007/s10569-017-9795-3},
  eprint       = {1710.03669},
  eprintclass  = {astro-ph.EP},
  eprinttype   = {arXiv},
  adsnote      = {Provided by the SAO/NASA Astrophysics Data System},
  adsurl       = {https://ui.adsabs.harvard.edu/abs/2018CeMDA.130....2B},
  file         = {:../papers/2018CeMDA.130....2B - Transfer, loss and physical processing of water in hit-and-run collisions of planetary embryos.pdf:PDF},
  keywords     = {Hydrodynamics, Methods: numerical, Planets and satellites: formation, Astrophysics - Earth and Planetary Astrophysics},
}

@Thesis{Dorninger,
  author      = {Berndt Dorninger},
  title       = {Realistic physical collision model in planet formation},
  type        = {Bachelor's Thesis},
  institution = {Department of Astrophysics, University of Vienna},
  date        = {2019},
  subtitle    = {Benchmark of GPU-environments},
  file        = {:../papers/Realistic_physical_collision_model_in_planet_formation.pdf:PDF},
}

@InProceedings{CollisionParameters,
  author      = {{Maindl}, Thomas I. and {Dvorak}, Rudolf},
  title       = {{Collision parameters governing water delivery and water loss in early planetary systems}},
  booktitle   = {Exploring the Formation and Evolution of Planetary Systems},
  date        = {2014-01},
  editor      = {{Booth}, Mark and {Matthews}, Brenda C. and {Graham}, James R.},
  volume      = {299},
  series      = {IAU Symposium},
  pages       = {370-373},
  doi         = {10.1017/s1743921313008971},
  eprint      = {1307.1643},
  eprintclass = {astro-ph.EP},
  eprinttype  = {arXiv},
  adsnote     = {Provided by the SAO/NASA Astrophysics Data System},
  adsurl      = {https://ui.adsabs.harvard.edu/abs/2014IAUS..299..370M},
  file        = {:../papers/collision parameters.pdf:PDF},
  keywords    = {solar system: formation, celestial mechanics, methods: n-body simulations, Astrophysics - Earth and Planetary Astrophysics},
}

@Article{CollisionTypes,
  author       = {{Stewart}, Sarah T. and {Leinhardt}, Zo{\"e} M.},
  title        = {{Collisions between Gravity-dominated Bodies. II. The Diversity of Impact Outcomes during the End Stage of Planet Formation}},
  journaltitle = {\apj},
  date         = {2012-05},
  volume       = {751},
  number       = {1},
  eid          = {32},
  pages        = {32},
  doi          = {10.1088/0004-637X/751/1/32},
  eprint       = {1109.4588},
  eprintclass  = {astro-ph.EP},
  eprinttype   = {arXiv},
  adsnote      = {Provided by the SAO/NASA Astrophysics Data System},
  adsurl       = {https://ui.adsabs.harvard.edu/abs/2012ApJ...751...32S},
  file         = {:../papers/CollisionTypes.pdf:PDF},
  keywords     = {Earth, planets and satellites: composition, planets and satellites: formation, Astrophysics - Earth and Planetary Astrophysics},
}

@Thesis{RBF,
  author      = {Du Toit, Wilna},
  title       = {Radial basis function interpolation},
  type        = {mathesis},
  institution = {Stellenbosch: Stellenbosch University},
  date        = {2008-03},
  url         = {https://core.ac.uk/download/pdf/37320748.pdf},
  file        = {:../papers/RBF.pdf:PDF},
}

@WWW{NN-math,
  author       = {Piotr Skalski},
  title        = {Deep Dive into Math Behind Deep Networks},
  date         = {2018-08-17},
  url          = {https://towardsdatascience.com/https-medium-com-piotr-skalski92-deep-dive-into-deep-networks-math-17660bc376ba},
  organization = {Towards Data Science},
  urldate      = {2019-07-16},
}

@WWW{NN-python,
  author       = {James Loy},
  title        = {How to build your own Neural Network from scratch in Python},
  date         = {2018-05-14},
  url          = {https://towardsdatascience.com/how-to-build-your-own-neural-network-from-scratch-in-python-68998a08e4f6},
  organization = {Towards Data Science},
  urldate      = {2019-07-16},
}

@Article{snowline,
  author       = {{Martin}, Rebecca G. and {Livio}, Mario},
  title        = {{On the evolution of the snow line in protoplanetary discs}},
  journaltitle = {\mnras},
  date         = {2012-09},
  volume       = {425},
  number       = {1},
  pages        = {L6-L9},
  doi          = {10.1111/j.1745-3933.2012.01290.x},
  eprint       = {1207.4284},
  eprintclass  = {astro-ph.EP},
  eprinttype   = {arXiv},
  adsnote      = {Provided by the SAO/NASA Astrophysics Data System},
  adsurl       = {https://ui.adsabs.harvard.edu/abs/2012MNRAS.425L...6M},
  keywords     = {accretion, accretion discs, Earth, planets and satellites: formation, protoplanetary discs, stars: pre-main-sequence, Astrophysics - Earth and Planetary Astrophysics},
}

@Comment{jabref-meta: databaseType:biblatex;}
